<?xml version="1.0" encoding="UTF-8"?><collection xmlns="http://www.loc.gov/MARC21/slim"><record><leader>00396nam--2200157-i-4500</leader><controlfield tag="001">000039673</controlfield><controlfield tag="002">20161230</controlfield><controlfield tag="005">20170127211858</controlfield><controlfield tag="008">060222s1000------------r-----000-0-eng-d</controlfield><datafield ind1=" " ind2=" " tag="080"><subfield code="a">54(038)=30</subfield></datafield><datafield ind1=" " ind2=" " tag="100"><subfield code="a">Romp, Herman</subfield></datafield><datafield ind1=" " ind2=" " tag="245"><subfield code="a">Chemie lexikkon. auflage. Bd.I</subfield></datafield><datafield ind1=" " ind2=" " tag="260"><subfield code="a">Stuttgart</subfield><subfield code="b">Franckh`Sche Verlagshandlung</subfield><subfield code="c">1952</subfield></datafield><datafield ind1=" " ind2=" " tag="300"><subfield code="a">1097 p</subfield></datafield><datafield ind1=" " ind2=" " tag="852"><subfield code="a">D.35</subfield></datafield><datafield ind1=" " ind2=" " tag="CAT"><subfield code="a">SYS</subfield><subfield code="c">20170127</subfield><subfield code="h">211858</subfield></datafield></record></collection>